@article{HyperParamOptimalizationAszemiDominic2019,
    author = {Nurshazlyn Mohd Aszemi and P.D.D Dominic},
    title = {Hyperparameter Optimization in Convolutional Neural Network using Genetic Algorithms},
    journal = {International Journal of Advanced Computer Science and Applications (IJACSA)},
    year = {2019},
}

@article{HyperParamOptimalizationHanChoiParkHong2020,
    author = {Ji-Hoon Han and Dong-Jin Choi and Sang-Uk Park and Sun-Ki Hong},
    title = {Hyperparameter Optimization Using a Genetic Algorithm Considering Verification Time in a Convolutional Neural Network},
    journal = {Journal of Electrical Engineering and Technology },
    year = {2020},
}

@article{PreferencjeMuzyczneWCzasachSteamingu2020,
    author = {Magdalena Parus-Jankowska and Szymon Nożyński},
    title = {Preferencje Muzyczne w Dobie Strumieniowego Słuchania Muzyki},
    journal = {Studia Humanistyczne AGH},
    year = {2020},
}

@article{HitSongScienceNotYet2009,
    author = {François Pachet and Pierre Roy},
    title = {Hit Song Science is Not yet a Science},
    journal = {Proc. of Ismir ‘09},
    year = {2009},
}

@article{HitSongScienceOnceAgain2011,
    author = {Yizhao Ni and Raúl Santos-Rodríguez and Matt Mcvicar and Tijl De Bie},
    title = {Hit Song Science Once Again a Science?},
    journal = {unknown},
    year = {2011},
}

@book{DeepLearningForCoders2020,
    author = {Jeremy Howard and Sylvain Gugger},
    title = {Deep Learning for Coders with fastai and PyTorch. AI Applications Without a PhD.},
    publisher = {O'Really Media, Inc.},
    year = {2020},
}

@book{UczenieMaszynowe2018,
    author = {Aurélien Géron},
    title = {Uczenie maszynowe z użyciem Scikit-Learn i TensorFlow},
    publisher = {Helion S.A.},
    year = {2018},
}

@book{MuzykaDajSieUwiesc2021,
    author = {Christoph Dr{\"o}sser},
    title = {Muzyka Daj się uwieść!},
    publisher = {Wydawnictwo Naukowe PWN},
    year = {2021},
}

@online{SpotifyKaggleDataset2020,
    author = {Yamac Eren Ay},
    title = {Spotify Dataset 1921-2020 160K+ Tracks},
    year = {2020},
    url = {https://www.kaggle.com/yamaerenay/spotify-dataset-19212020-160k-tracks},
    urldate = {2020-11-25},
}

@online{SpotifyWebAPIReference,
    author = {Spotify Development Team},
    title = {Web Api Reference},
    year = {2021},
    url = {https://developer.spotify.com/documentation/web-api/reference/},
    urldate = {2021-10-18},
}

@online{HitSongScienceWiki,
    author = {Wikipedia Community},
    title = {Hit Song Science},
    year = {2021},
    url = {https://en.wikipedia.org/wiki/Hit_Song_Science},
    urldate = {2021-10-26},
}

@online{PolyphonicHMIWiki,
    author = {Wikipedia Community},
    title = {Polyphonic HMI},
    year = {2020},
    url = {https://en.wikipedia.org/wiki/Polyphonic_HMI},
    urldate = {2021-10-26},
}

@report{cbos2018,
    author = {Michał Feliksiak},
    title = {Słuchanie muzyki},
    type = {Komunikat z badań},
    institution = {Fundacja Centrum Badania Opinii Społecznej},
    date = {2018},
}